4100 6309
98 345 181 402 ffll
841 340 1041 402 bltdfslitt.
1702 345 1773 404 tale

95 458 174 527 nsit,
191 458 243 517 uisi
255 457 308 516 illis
321 471 502 516 annumerare
514 456 583 518 reiis
596 446 688 515 ruth
701 455 914 517 emendationes
926 461 954 521 Α
965 456 1021 522 ris,
1044 472 1071 511 r.
1093 471 1120 512 e.
1138 456 1291 514 casauboni
1311 455 1528 516 Exercitationes
1552 458 1770 530 ecclesiasticas,

94 553 227 625 priosum
241 553 419 625 interpretum
434 552 605 622 verissimas,
624 565 693 625 quas
712 549 741 608 in
760 553 915 609 annuntio·
966 547 1094 605 salmasii
1107 547 1260 621 Epistulas.
1276 549 1347 607 Phil.
1361 549 1452 607 caron
1472 549 1731 609 harimaduersioncs
1744 551 1772 607 iu

94 640 187 699 uibus
203 644 272 699 meis
292 640 421 713 probatas
439 641 468 699 iu
484 651 589 699 textum
603 642 728 715 recipere
741 641 841 700 oblitos
856 643 915 701 lue·
964 642 1099 714 Agelliuor
1121 650 1150 700 et
1171 642 1342 712 QCurtium
1366 642 1439 700 baud
1462 644 1694 709 contemnendas,
1720 642 1770 700 Ch.

93 733 250 807 ram,lam
272 749 339 792 uero
356 733 384 791 iu
404 749 528 793 errorum
549 732 670 792 indiculo
689 733 752 791 huic
770 733 914 808 appendici
963 734 1073 793 cellarii
1087 735 1208 794 libellum
1221 735 1256 794 de
1268 735 1448 794 barbarismis
1461 734 1560 808 liuguae
1584 734 1674 792 latiam
1694 735 1773 792 bonae

90 823 133 882 ad
149 825 256 883 calcem
269 824 378 898 adiectu
396 836 513 883 notatas.
533 825 588 884 Sed
601 840 636 884 eo
648 826 764 897 amplior
779 843 911 885 novorum
962 826 1047 902 lrugis
1059 828 1266 902 plenissimum,
1278 828 1436 901 schellingii
1449 829 1561 886 breuem
1580 828 1709 901 quidem,
1724 826 1773 884 scd

88 916 304 985 subsidiorum,
326 918 426 990 quibus
447 918 486 975 uti
505 927 586 974 antea
605 932 663 976 oon
681 918 812 990 licuerat,
834 918 911 992 copia
962 919 1088 978 doctrina
1107 919 1255 977 multifaria
1275 919 1470 991 reconditaque
1483 918 1622 985 relcrtam,
1639 920 1774 976 hisscrta·

91 1006 236 1080 querenti
250 1022 313 1067 sese
326 1008 437 1076 obtulit,
450 1007 585 1081 imprimis
598 1023 660 1068 cum
675 1009 771 1084 (quod,
782 1012 828 1084 qui
843 1011 910 1069 hnc·
963 1011 1068 1069 tionem
1089 1010 1124 1069 de
1147 1011 1204 1068 bias
1226 1010 1423 1068 samothraciis
1445 1010 1524 1083 (eol,
1542 1022 1572 1066 ut
1582 1009 1648 1066 mihi
1662 1008 1774 1081 quidem

92 1108 184 1158 tenus
201 1099 268 1159 milri
288 1116 357 1159 uous
373 1102 493 1159 innotuis
514 1101 641 1176 idemque
659 1104 831 1176 aequissimus
857 1105 911 1164 tir-
962 1103 1082 1172 videtur,
1104 1105 1184 1162 unice
1205 1119 1298 1174 reram
1319 1103 1527 1175 explicationem
1542 1100 1629 1159 debeo
1644 1100 1696 1158 luci
1714 1115 1774 1157 om·

87 1193 174 1250 nohii
185 1194 240 1250 mei
249 1190 392 1251 Centurio
402 1192 629 1266 Ephemeridihus
641 1195 778 1253 litterariis
788 1196 912 1267 Lipsico·
963 1199 1038 1258 nium
1062 1198 1215 1256 diillciilimi
1236 1197 1284 1254 lib.
1299 1211 1343 1263 ιιι,
1359 1211 1421 1268 cap.
1434 1195 1486 1262 lb,
1501 1194 1536 1252 de
1555 1195 1612 1251 biis
1626 1193 1773 1252 Consenti·

86 1284 174 1343 sibus
186 1284 377 1360 desiderabat)
390 1301 452 1342 aanor
467 1288 494 1344 io
509 1286 592 1343 linem
606 1286 814 1359 perlustrassem
826 1304 911 1363 opera
962 1292 1031 1361 bos,
1049 1290 1083 1348 de
1095 1306 1150 1365 qno
1163 1290 1262 1362 iudicia
1284 1289 1404 1345 xirururu
1424 1287 1566 1344 ductorum
1587 1288 1771 1358 expetiveram

85 1375 223 1449 quadam
237 1376 459 1449 splendidissima
472 1386 502 1435 ut
515 1393 549 1436 es
564 1390 643 1451 parts
655 1395 719 1437 raro
732 1380 828 1449 ebria,
849 1396 911 1453 quae
964 1381 991 1439 io
1004 1380 1168 1439 Praelatiouc
1190 1381 1226 1438 ad
1245 1380 1395 1437 hroubium
1411 1395 1419 1446 ;
1441 1394 1524 1451 porro
1542 1376 1682 1435 creutzeri
1702 1379 1773 1443 riri.

87 1469 219 1541 antiquas
232 1470 301 1527 artis
315 1464 492 1526 monumenta
512 1471 672 1538 condirent,
693 1487 721 1526 ι.
735 1485 763 1528 c.
776 1468 909 1528 viscontii
961 1491 1042 1549 quem
1058 1476 1214 1533 nominasse
1226 1473 1351 1531 laudasse
1363 1483 1423 1540 est,
1434 1487 1505 1544 opus
1517 1473 1772 1543 praestantissimum

86 1559 219 1621 hluseom
230 1562 909 1637 Pio-Clementinuuoetlluseumclermootooom,
961 1568 1138 1641 inscriptum:
1165 1564 1301 1639 synodalis
1315 1565 1370 1621 und
1390 1563 1550 1637 llgtholoqie
1564 1564 1610 1619 der
1622 1565 1691 1619 otten
1712 1564 1774 1619 lil-

87 1657 174 1716 Gurii
187 1658 309 1717 ilusenm
324 1658 488 1729 Etruscum,
502 1659 678 1732 antiquitates
691 1670 718 1717 et
734 1660 854 1732 picturas
873 1676 908 1718 ex
921 1664 947 1727 Β
959 1657 1021 1714 lea:
1034 1658 1160 1731 aliosque
1172 1658 1257 1715 lihrus
1267 1657 1433 1728 complures.
1449 1654 1571 1725 lienique
1584 1653 1655 1709 haud
1668 1653 1773 1726 ingrata

87 1750 252 1810 llercolsoe
271 1761 364 1810 erutas
382 1752 517 1826 (quarum
538 1753 566 1808 in
587 1752 694 1811 edendo
707 1752 830 1812 hruohio
843 1767 909 1810 usus
959 1753 1082 1811 accessio
1093 1752 1162 1809 lacta
1173 1762 1217 1810 est
1226 1749 1392 1823 coniecturis
1403 1747 1541 1806 nonnullis
1551 1749 1623 1805 beati
1635 1747 1773 1805 lieuornn-

86 1840 201 1902 iueram
221 1845 329 1903 nonnisi
347 1844 469 1902 editione
488 1846 618 1917 Augustas
636 1838 837 1901 vindelicorum
860 1860 910 1902 ex·
959 1842 1010 1910 ni,
1025 1857 1094 1916 quas
1107 1842 1259 1914 auseupns
1271 1841 1386 1915 margini
1401 1840 1564 1911 exemplaris
1579 1838 1709 1896 editionis
1724 1839 1772 1894 Ei·

86 1950 161 1993 cusa
175 1935 364 2008 instructaque
377 1934 517 1991 nonnullis
532 1932 625 1991 lluroi
639 1934 741 1993 notulis
754 1933 819 1992 latis
831 1934 909 1993 eslii·
960 1934 1123 1992 meoburstil
1135 1927 1312 2007 tlamburgni,
1324 1948 1396 1990 anno
1407 1931 1494 1999 rulo,
1508 1924 1628 2000 excusae,
1642 1930 1715 2003 quand
1729 1945 1773 1988 as·

87 2026 182 2099 hus),
196 2027 294 2099 zoegae
309 2042 392 2101 porro
404 2027 481 2100 Opus
494 2026 682 2085 doctissimum
697 2028 732 2087 de
746 2028 907 2102 anaglyphis
958 2039 1084 2087 seruatur
1094 2029 1121 2085 in
1134 2027 1301 2099 amplissima
1311 2024 1479 2084 Bibliotheca
1490 2022 1616 2096 Georgia
1628 2025 1769 2095 ungusta,

88 2119 215 2191 antiquie
227 2119 322 2176 Roman
335 2120 451 2191 repertis
464 2117 515 2194 (bi
528 2118 688 2176 Bmsidlieoi
699 2119 798 2175 antichi
810 2120 839 2175 di
853 2118 908 2176 llo-
960 2136 1068 2179 meeum
1088 2117 1299 2177 comanuoieauit
1318 2115 1469 2184 benekius,
1490 2113 1630 2186 professor
1647 2113 1772 2171 Guettlu·

87 2218 161 2283 me),
177 2216 275 2268 noram
289 2212 372 2268 etiam
384 2209 533 2267 editionem
544 2208 664 2282 Operum
676 2209 908 2268 winkelmaooia
958 2218 1067 2291 gensis,
1091 2202 1329 2272 vir'doctissimus
1350 2226 1428 2285 mque
1441 2225 1475 2267 ac
1489 2209 1723 2279 humanissimus,
1739 2220 1769 2266 et

91 2302 250 2359 triumuiris
271 2301 453 2369 doctissimis,
475 2301 623 2370 Fernoxiu,
645 2301 702 2374 lam
721 2312 786 2360 suta
805 2304 909 2376 aliquot
957 2311 1015 2383 jam
1029 2311 1065 2368 qq
1080 2309 1247 2368 mennonium
1261 2307 1328 2364 oreis
1342 2321 1405 2363 eum
1420 2304 1604 2376 Epistularum
1618 2303 1772 2361 Socradca·

88 2394 292 2451 ⁰⁰ss⁰⁸²0²lb⁰
304 2393 361 2450 ‘³³²⁰
373 2393 470 2451 Ιῑῑῑθῐῑὸ
484 2395 701 2464 humanioribus,
714 2411 828 2468 quarum
840 2397 907 2453 ῑιιιὶ·
960 2419 1039 2471 rum,
1056 2412 1112 2459 tuor
1128 2400 1280 2458 llemuouis
1300 2398 1469 2456 lleracleotae
1488 2404 1518 2454 et
1536 2393 1649 2452 chionis
1660 2394 1772 2466 -optinrc

86 2500 148 2560 8¹¹0
169 2485 254 2546 ‘¹00⁰‘
272 2497 301 2542 θῑ
320 2494 511 2544 mmmmm
532 2485 635 2556 siml·
649 2497 761 2559 millia
775 2504 792 2546 1
807 2486 908 2552 Meiere
963 2498 1089 2554 meritus.
1103 2494 1151 2551 llis
1164 2495 1254 2566 itaque
1265 2491 1394 2550 omnibus
1406 2488 1554 2562 excerptis,
1568 2487 1702 2555 collectis,
1716 2486 1773 2544 dis·

87 2590 121 2638 ct
130 2578 261 2638 schelmo
273 2590 406 2637 curatam
418 2579 539 2649 Quorum
550 2581 673 2638 uirorum
685 2579 907 2641 doctissimorum
961 2591 1057 2664 positis
1071 2600 1152 2662 atque
1166 2586 1200 2644 ad
1216 2585 1337 2659 singulas
1350 2584 1478 2643 editionis
1493 2598 1562 2640 meae
1578 2580 1692 2654 paginas
1705 2580 1772 2639 ada·

87 2679 121 2730 ct
142 2670 315 2749 antiquitatis
329 2670 557 2742 peritissimorum
580 2671 719 2731 laboribus
741 2673 804 2746 plus
825 2690 908 2748 quam
959 2682 1059 2756 puris,
1081 2680 1205 2753 meisque
1227 2677 1469 2750 qualibuscumque
1482 2672 1618 2745 adjectis,
1640 2674 1773 2730 cormelis

87 2763 208 2837 triginta
221 2763 311 2837 lisque
323 2762 524 2822 difficilioribus
538 2766 651 2823 danubii
668 2770 721 2824 mel
735 2766 805 2825 locis
818 2767 908 2826 lucem
958 2774 1094 2847 denique,
1115 2780 1249 2845 quotquot
1272 2771 1369 2827 iterata
1390 2767 1450 2840 ejus
1470 2766 1589 2824 lectione
1607 2765 1772 2836 inuestigare

85 2854 150 2926 1²⁰¹
163 2857 298 2915 fedilium
311 2859 411 2927 luitis,
425 2866 470 2916 111
481 2857 554 2932 quod
565 2859 714 2932 gratissimi
727 2859 810 2918 animi
822 2876 906 2919 senso
958 2868 1088 2936 licuerat,
1109 2880 1172 2923 cum
1192 2863 1288 2921 calami
1309 2862 1445 2951 cunnus,
1467 2869 1524 2917 tum
1540 2869 1665 2933 typorum
1678 2857 1769 2928 vitiis,

88 2949 236 3022 prauum.
252 2951 289 3008 dt
301 2966 368 3010 xero
388 2948 432 3008 lais
451 2951 539 3022 copiis
559 2950 630 3008 haud
649 2961 796 3013 contentus
815 2951 942 3036 denuoc
957 2960 1048 3018 extitit
1069 2958 1180 3015 taudem
1201 2955 1327 3013 ultimum
1348 2953 1434 3010 hoece
1450 2952 1485 3008 ad
1506 2950 1656 3007 brotebium
1678 2964 1770 3006 uncum

88 3040 198 3113 hhl'llil¹
211 3042 332 3114 priorum
347 3042 461 3100 1111θῦὶὶ
476 3043 672 3115 imbibitum»
686 3043 796 3101 11111Μὶ
811 3044 906 3119 imbli-
958 3050 1149 3126 spicilegium,
1171 3047 1245 3122 quod
1265 3046 1314 3104 tibi
1330 3045 1388 3119 jaro
1403 3043 1508 3112 odero,
1525 3042 1658 3100 benevole
1672 3042 1770 3108 lector,

88 3136 164 3205 mis,
185 3134 334 3195 Slerxechii
357 3144 386 3194 el
405 3137 602 3198 illmeuiuorstii
623 3140 853 3212 commentarius,
878 3151 907 3200 et
958 3158 1083 3217 sperans,
1098 3142 1126 3198 iu
1141 3142 1200 3208 illo,
1216 3138 1342 3213 quamvls
1355 3137 1440 3196 breve
1454 3136 1500 3205 sit,
1515 3144 1543 3191 ct
1555 3135 1650 3208 paucis
1664 3144 1769 3191 notram

87 3226 204 3285 Noutrii
215 3227 383 3300 Apparatum
395 3228 441 3299 lea
454 3245 510 3304 quo
522 3240 692 3300 antea,cum
704 3234 905 3306 autographum
957 3235 1073 3308 plagulis
1096 3241 1219 3299 montet,
1246 3231 1325 3302 plura
1350 3237 1439 3286 tameo
1464 3243 1519 3284 ooo
1546 3226 1625 3296 plane
1646 3235 1771 3283 coortum·

88 3320 210 3379 Arouhii
232 3321 287 3379 mel
307 3322 365 3394 lam
388 3321 508 3395 Lipsiam
531 3324 645 3381 missum
666 3323 779 3392 inisset,
805 3340 906 3398 paucas
956 3325 1065 3395 nenda,
1085 3338 1192 3398 oeque,
1215 3330 1244 3378 ut
1261 3321 1356 3388 aiunt,
1371 3335 1388 3377 e
1403 3318 1485 3375 triuio
1500 3318 1584 3390 petita
1600 3326 1626 3373 te
1641 3318 1768 3374 inuentu-

88 3414 285 3472 taotummodo
298 3415 376 3488 quasi
389 3417 482 3490 spicas
494 3417 585 3490 legere
596 3416 727 3491 licuerat)
739 3417 906 3477 banmoleu-
956 3435 1018 3478 rum
1029 3459 1038 3487 ,
1051 3432 1150 3491 neque,
1161 3417 1184 3473 si
1197 3415 1264 3473 illud
1275 3430 1337 3473 cum
1350 3412 1471 3471 ediaiouu
1483 3426 1542 3468 oxea
1556 3411 1770 3483 compararetis,

88 3507 133 3564 tia
154 3506 313 3565 eorumdem
328 3507 450 3565 uirorum
475 3507 755 3579 humanissimorum,
781 3525 852 3584 quos
877 3512 906 3569 ln
957 3511 1027 3570 adeo
1040 3510 1123 3569 moilla
1134 3551 1143 3580 ,
1156 3523 1218 3581 qum
1230 3508 1289 3564 siue
1299 3505 1404 3573 crisin,
1420 3504 1479 3562 siae
1490 3503 1702 3575 explicationem
1715 3504 1769 3560 dr·

88 3597 260 3657 l‘ralatiuoe
274 3599 309 3656 ad
322 3600 475 3658 Aroohium
490 3600 733 3672 lautlaxi,iterum
753 3602 822 3660 mihl
839 3618 907 3662 coo·
958 3603 1033 3661 oobii
1053 3602 1150 3675 jurare
1172 3597 1297 3672 possint,
1318 3595 1434 3668 amplius
1455 3609 1518 3652 essa
1537 3593 1768 3653 desideraturum.

88 3705 222 3763 cessum,
238 3700 287 3763 nt,
300 3694 324 3750 si
337 3709 397 3766 quae
409 3693 489 3752 honae
504 3692 590 3767 irugis
610 3694 639 3751 lo
660 3693 715 3752 iliis
734 3695 905 3764 invenirem,
957 3695 1007 3753 Cui
1019 3696 1076 3769 jam
1089 3703 1242 3753 extremum
1256 3691 1317 3748 eale
1337 3688 1400 3746 dico
1415 3699 1550 3759 tamquam
1565 3687 1653 3744 eorico
1668 3686 1768 3759 gratis·

89 3799 158 3858 quae
174 3785 203 3841 iu
215 3784 322 3844 edendo
336 3785 458 3845 hruohio
471 3786 516 3844 xei
529 3785 697 3859 diligentiam
711 3802 800 3846 meam
822 3788 907 3863 logis·
958 3789 1108 3856 sinuosum
1118 3803 1172 3860 quo
1187 3800 1236 3858 per
1248 3798 1335 3840 annos
1344 3779 1416 3839 haud
1427 3794 1528 3853 paucos
1539 3779 1691 3837 arctissima
1700 3778 1768 3836 mihi

89 3885 174 3944 sent,
190 3877 234 3937 rel
247 3893 309 3951 que
323 3878 397 3949 ipse,
414 3887 562 3952 propterea
575 3878 649 3952 quod
663 3880 753 3954 aliqua
768 3881 835 3939 mihi
849 3883 905 3955 lam
960 3883 1050 3943 luerat
1072 3880 1257 3947 familiaritas,
1284 3884 1382 3949 optans
1407 3873 1610 3942 maximopere,
1638 3881 1668 3927 ut
1695 3873 1768 3929 inter

89 3966 202 4043 pridem
214 3967 357 4026 uodssima
368 3968 512 4029 continere
525 3968 696 4041 riderentur,
710 3970 772 4029 allis
783 3971 1100 4068 iormmistsorarum
1128 3974 1364 4044 humanarumque
1391 3967 1596 4040 disciplinarum
1626 3968 1768 4035 cultores,

89 4058 188 4135 ignota
208 4060 300 4120 lutura
319 4077 375 4121 uon
397 4062 560 4136 suspicans,
581 4065 692 4124 silentio
715 4066 908 4139 praetereunda
961 4068 1176 4146 quamplurimos
1192 4066 1313 4124 lectores
1333 4062 1507 4119 nanciscatur
1518 4068 1615 4117 auctor
1629 4059 1704 4117 lectu
1724 4057 1768 4114 di·

89 4154 278 4224 ceosuissem,
299 4170 332 4213 ea
350 4155 407 4227 iarn
428 4156 456 4213 in
477 4170 560 4214 cums
578 4157 661 4215 hasce
680 4158 814 4217 meundm
837 4159 909 4218 reci·
960 4163 1125 4239 quissimus,
1143 4157 1268 4216 doctrina
1287 4165 1315 4212 et
1335 4153 1461 4211 acuurioe
1474 4151 1583 4225 pollens
1602 4150 1769 4223 Patrumqua

89 4259 202 4319 parem.
225 4245 286 4304 nuti
309 4258 443 4319 praeterea
465 4247 571 4321 aliquas
596 4258 718 4307 aeterum
742 4250 908 4324 scripturum
961 4253 1094 4315 Ecclesiae
1105 4251 1199 4310 latioae
1211 4247 1314 4307 numini
1327 4243 1474 4304 secundus.

90 4339 230 4399 editiones
248 4341 283 4398 ad
302 4340 439 4400 edendum
454 4340 604 4400 sroobiuna
619 4342 741 4402 nondum
755 4343 909 4416 adhibitas,

91 4447 148 4491 uec
159 4447 214 4490 uon
226 4432 318 4490 rarius
331 4433 416 4492 libros
429 4432 610 4508 philologicos
628 4435 811 4496 diversissimi
823 4453 909 4512 gene·
999 4433 1104 4507 Scripsi
1116 4430 1210 4491 Turici
1224 4425 1426 4493 helvetiorum,
1444 4422 1474 4480 il
1493 4420 1635 4480 Februarii
1650 4420 1732 4477 lilii.

726 4714 1127 4805 SEGMENTUM.

94 4912 192 4993 Quod
208 4911 310 4979 sodex
324 4932 383 4977 ms.
396 4914 515 4997 Regius
527 4917 745 5002 smutturam,
764 4942 805 4988 aa
820 4941 918 5009 eoque
929 4940 1062 4989 rumoso
1076 4919 1175 4986 editio
1191 4914 1360 4983 adtentum
1375 4907 1466 4975 notet
1479 4907 1522 4974 od
1538 4908 1668 4974 initium
1680 4917 1769 4993 ropt'·

158 5017 201 5080 ιιί
221 5015 369 5090 i1‚lihri
393 5034 454 5097 ru,
466 5027 586 5084 nostroe
608 5022 761 5092 editionis
784 5035 861 5111 port
882 5028 978 5094 uerhn
991 5048 1000 5090 a
1015 5025 1198 5093 Faaddium
1210 5039 1254 5088 ue
1266 5015 1539 5084 immoderatione
1556 5015 1718 5097 pariatur.

134 5365 194 5426 lion
205 5365 390 5424 imoslnlicias
400 5367 428 5424 io
440 5366 578 5425 annalium
586 5364 838 5439 scriptiscootioerl
849 5364 908 5424 haec
961 5379 996 5422 ao
1008 5362 1065 5421 siut
1084 5361 1166 5434 longe
1177 5357 1262 5428 aliud,
1273 5366 1302 5415 et
1315 5356 1350 5415 ab
1364 5354 1446 5428 nujus
1460 5353 1487 5411 ri
1501 5352 1620 5411 debeant
1640 5361 1670 5410 ct
1682 5352 1769 5410 neoti·

99 5459 203 5525 cmxxia‘,
217 5473 279 5531 quae
291 5469 355 5516 suot
369 5474 384 5515 a
397 5456 809 5533 uubisiooppositloueprulata
825 5475 833 5513 a
848 5472 911 5514 naua
963 5457 1007 5515 nis
1036 5466 1064 5513 et
1090 5452 1219 5528 potentis
1239 5448 1388 5523 segregari.
1408 5448 1476 5518 Quis
1500 5455 1544 5505 cst
1562 5445 1635 5505 enim
1650 5447 1768 5520 primum

98 5564 129 5614 et
142 5552 194 5627 ipsi
208 5567 260 5626 pro
272 5553 394 5624 modulo,
406 5553 563 5628 ingeniique
580 5569 630 5626 pro
642 5563 739 5625 captu,
754 5561 783 5611 et
795 5551 912 5625 legimus
963 5549 1009 5624 qui
1024 5563 1073 5606 eos
1086 5547 1153 5605 deos
1166 5545 1305 5604 existimet
1317 5552 1434 5601 autesse
1447 5541 1495 5615 qni
1509 5538 1614 5605 credat,
1628 5541 1674 5611 qui
1689 5539 1772 5596 moti·

100 5648 161 5705 buc
173 5643 281 5713 endem,
294 5654 321 5703 et
334 5645 501 5718 sssc‘posita
516 5646 638 5715 soimns;
652 5644 700 5704 sed
713 5643 873 5719 questionis
886 5645 914 5702 io
964 5642 1017 5700 bus
1040 5650 1069 5698 et
1088 5637 1279 5696 saltationibus
1300 5633 1430 5703 soanieis,
1452 5633 1499 5705 qui
1522 5631 1651 5689 canteriis
1673 5630 1772 5689 trustra

100 5741 166 5807 boc,
178 5752 284 5796 acroma
297 5747 350 5807 est,
367 5749 495 5797 utrumne
503 5738 533 5796 hi
546 5737 585 5796 dli
599 5739 664 5808 sint,
676 5752 746 5812 quos
759 5738 857 5796 sarire
866 5751 914 5795 ss·
965 5731 1151 5799 currentibus,
1164 5728 1333 5802 uoluptatum
1347 5725 1491 5785 solvuntur
1504 5723 1532 5781 iu
1542 5723 1650 5797 gaudia.
1666 5723 1773 5793 ineptas

101 5831 236 5893 meantis
247 5830 378 5902 ehensos,
388 5832 523 5907 reddique
536 5831 608 5892 ludis
621 5841 650 5893 et
658 5830 803 5893 cormelis
815 5826 915 5890 mitem
965 5837 996 5887 et
1009 5825 1122 5902 lrigidas
1132 5825 1255 5885 actiones
1268 5829 1422 5898 spectamur
1435 5818 1645 5895 prollmcuntur
1656 5815 1772 5875 oculor

260 5927 456 5994 Pronnoi.
1519 5908 1562 5972 ΒΞ
