4100 6309
329 339 365 400 lit
828 341 1010 403 bbbtt'rtltt
1030 339 1258 401 illustrissimo
1275 339 1481 399 Ci'PRlleGl
1941 341 1973 398 el

329 454 483 521 cnrtsulnnt,
497 453 519 510 si
533 469 587 512 nnn
597 454 651 511 sint
662 455 689 511 in
700 452 799 512 heroas
812 454 884 521 illos,
895 451 1006 512 Glrristo
1019 455 1128 527 procul·
1141 454 1169 517 Λ
1181 453 1208 511 id
1234 435 1343 529 quoque
1367 455 1518 515 concrdent
1537 457 1636 516 medici
1658 457 1905 516 extraordinarium
1927 459 1975 517 noir

329 544 411 603 rlnlrio
423 541 609 615 clrnrissinros,
624 562 753 605 censores
768 545 1130 605 temerariil'idcnmnsita·
1182 546 1267 603 inisse
1288 548 1311 604 si
1335 548 1369 605 dc
1392 557 1461 619 aqua
1481 546 1625 619 pericardii
1640 547 1676 604 sit
1696 547 1912 622 intelligendum.
1928 547 1976 607 (lb

328 653 382 709 qua
407 639 531 710 inprimis
549 639 622 696 nudo
636 648 745 698 ueteres
766 637 914 695 secundnm
937 637 1009 695 ltnnc
1029 638 1130 712 bsptis-
1182 649 1306 696 serretur
1329 652 1412 711 porro
1437 638 1559 693 sectutdo
1584 638 1760 697 obristianatn
1784 640 1868 698 sitam
1891 641 1976 698 itain

329 744 404 786 mont
419 731 589 800 collegerint.
605 730 670 788 lndo
696 729 878 801 intelligemus
895 747 928 781 un
955 728 1132 799 prrrlraloerit
1181 730 1258 787 lluro
1278 730 1451 786 Testatuento
1467 727 1584 787 describi
1597 731 1675 802 quasi
1689 730 1763 804 qood
1785 731 1925 790 acturisto
1944 733 1977 813 ad·

327 834 356 881 et
369 823 456 881 solida
467 821 513 878 illu
525 824 661 881 collectio.
675 820 742 878 lude
755 837 818 878 nom
832 833 860 878 ct
874 822 916 878 illa
924 837 1031 894 quoquo
1043 822 1130 902 solida
1181 821 1296 880 litteram
1308 830 1415 892 gestum
1427 820 1473 887 sit,
1485 819 1512 876 id
1524 834 1574 876 uos
1585 822 1699 894 mystice
1710 836 1807 893 gerere
1820 821 1974 884 debeamus

328 914 548 986 quindenorum
563 916 633 971 inter
656 929 687 971 se
710 914 904 971 cornmissiouo
922 914 1059 987 prioribus
1077 915 1131 973 illis
1183 912 1222 970 lta
1236 927 1299 969 cum
1314 927 1348 970 co
1358 910 1428 968 mori
1442 911 1587 981 debemus,
1599 927 1662 969 curn
1676 928 1711 970 eo
1722 914 1861 987 crueiigi,
1875 930 1977 973 cumen

327 1005 470 1078 principiis
479 1006 549 1062 datis
559 1005 805 1077 superstruxeriut.
1182 1003 1357 1075 ignominiam
1371 1002 1454 1071 ierrc,
1470 1019 1532 1060 cum
1545 1019 1579 1061 eo
1594 1004 1714 1076 sepeliri,
1734 1020 1879 1075 resurgere
1890 1015 1921 1064 et
1936 1022 1978 1064 ss·

366 1099 382 1172 5
395 1099 496 1157 8.-111
507 1098 614 1170 quidem
623 1095 789 1155 recentiores
800 1096 834 1154 nb
843 1097 1042 1172 antiquioribus
1056 1099 1129 1156 illurn
1180 1094 1298 1153 scindere
1307 1096 1336 1152 iu
1347 1096 1456 1153 ctelonr.
1468 1094 1580 1152 llotctur
1591 1097 1682 1164 tertio,
1692 1096 1750 1153 liaeo
1762 1097 1796 1155 de
1805 1091 1909 1156 Christi
1921 1114 1977 1170 pse

328 1195 466 1265 accepisse
476 1189 648 1248 manifestum
670 1199 722 1247 est.
745 1190 805 1247 Non
828 1199 892 1247 snm
910 1191 991 1263 igitur
1005 1190 1033 1247 in
1054 1191 1130 1249 burte
1181 1187 1302 1244 sionibus
1313 1202 1375 1244 esse
1387 1188 1430 1244 rel
1442 1189 1570 1258 prituario
1582 1187 1804 1261 intelligendum
1817 1204 1978 1264 quamquam

327 1297 451 1342 nostrum
461 1298 572 1341 censum
584 1283 744 1354 recipiendi.
757 1283 814 1342 lluc
825 1283 917 1341 rotulit
926 1292 1028 1358 martyr
1037 1294 1131 1340 nostor
1180 1291 1255 1352 gesta
1268 1281 1324 1338 sint
1332 1281 1544 1338 nbeonnnuulla
1553 1281 1731 1339 imitationem
1738 1282 1979 1342 nostramiortasse

327 1378 373 1436 ts.
387 1376 464 1444 inc,
476 1394 523 1444 sn,
535 1376 593 1445 tto).
603 1377 641 1433 br
653 1391 717 1448 qun,
730 1375 825 1449 inquit,
840 1386 866 1433 et
880 1376 1009 1433 Dominus
1023 1376 1131 1433 dicebat
1181 1374 1351 1445 supernum
1365 1384 1462 1448 atquae
1474 1389 1570 1447 passus
1584 1383 1637 1444 est,
1649 1390 1699 1432 uos
1709 1375 1805 1433 eadent
1817 1377 1872 1449 pati
1881 1377 1980 1435 debes·

327 1470 429 1527 ltnltcre
443 1485 474 1526 so
489 1469 561 1525 alind
586 1469 718 1540 baptisrnn
733 1469 863 1542 baptisari
889 1468 952 1542 (Ep.
970 1483 1073 1536 cxsrn,
1096 1468 1130 1522 od
1181 1480 1252 1524 tntu.
1264 1464 1376 1523 Notetor
1388 1477 1493 1539 quarto,
1505 1465 1543 1522 ita
1557 1467 1659 1539 optimc
1671 1467 1706 1524 de
1725 1482 1810 1526 senso
1831 1469 1979 1542 prophetie

325 1562 462 1635 ludninn).
477 1562 580 1619 Rettulit
600 1562 682 1618 etiarn
703 1558 845 1633 Origenes.
859 1560 1034 1632 Locupletior
1046 1569 1089 1617 est
1103 1561 1129 1615 in
1179 1559 1294 1633 judicari
1312 1574 1393 1633 posse
1410 1559 1434 1617 si
1455 1570 1535 1634 typus
1555 1559 1729 1634 proptrertens
1749 1562 1783 1617 ad
1809 1577 1867 1619 reru
1891 1572 1978 1620 notam

326 1670 361 1712 eo
374 1654 513 1725 prolrnrnln
528 1653 731 1709 Tertullianus:
749 1671 758 1705 ι
774 1652 821 1709 Est
835 1652 944 1723 quiden.
955 1651 1033 1708 nobis
1047 1651 1130 1708 etiarn
1181 1651 1282 1709 alludat
1302 1652 1329 1708 in
1352 1652 1429 1725 prati
1449 1651 1580 1709 Ecclesiae
1599 1652 1633 1711 ab
1652 1668 1686 1710 eo
1698 1663 1933 1722 repraesentntaro.
1944 1653 1980 1712 lit

326 1748 477 1805 secrrntlnnr
493 1748 642 1811 luracruur,
660 1761 741 1801 unum
757 1756 784 1800 ct
800 1745 899 1816 ipsunt,
919 1744 1059 1817 nnrrgulnis
1072 1745 1129 1801 tei·
1182 1741 1255 1799 enirn
1281 1742 1308 1799 in
1334 1741 1501 1816 propheticis
1514 1744 1803 1815 repraesentationibus
1826 1746 1855 1802 id
1875 1754 1978 1803 certon

326 1839 407 1908 licet,
430 1839 465 1896 tlo
486 1853 540 1911 quo
568 1837 709 1902 Dominus,
740 1835 844 1905 llnlreo,
870 1836 969 1908 iuquit,
992 1835 1129 1909 baptismo
1142 1839 1167 1901 Β
1180 1843 1233 1901 est,
1246 1848 1299 1890 uon
1314 1834 1357 1890 stri
1371 1835 1456 1907 gratia
1473 1842 1583 1908 typnnr,
1596 1834 1644 1892 sed
1657 1837 1774 1910 antitypi
1786 1836 1865 1894 abeo
1881 1853 1979 1911 repro

327 1933 429 2007 tingui,
453 1948 516 1990 enm
532 1931 588 2003 jam
610 1929 830 1988 tinctusioissct.
852 1927 970 1987 llencrnt
992 1930 1064 1987 cnitn
1079 1945 1128 2002 per
1178 1926 1282 1986 mutari
1300 1941 1316 1982 tt
1335 1926 1391 1984 Deo
1416 1929 1676 2002 essedesignatnru,
1691 1929 1728 1986 ita
1743 1930 1770 1986 id
1793 1945 1903 2003 quoqne
1920 1945 1980 1990 cer.

324 2042 422 2102 squam
445 2038 473 2084 ct
500 2023 680 2098 smgninonr,
708 2022 779 2080 sicot
801 2021 924 2079 loannes
944 2020 1075 2092 scripsit,
1098 2031 1128 2087 ot
1178 2026 1238 2076 tunt
1250 2028 1292 2076 est
1305 2034 1359 2075 non
1375 2019 1449 2088 alibi,
1463 2035 1544 2092 quarn
1559 2021 1587 2077 in
1601 2021 1736 2091 frolesio,
1751 2023 1816 2080 illud
1828 2025 1978 2100 antitypum

326 2136 397 2194 aqna
410 2120 588 2192 tingueretur,
605 2115 736 2190 surrgrrinc
746 2110 953 2188 glor'illcnretnr.
969 2110 1085 2172 Proinde
1098 2123 1127 2170 ut
1177 2127 1239 2170 esso
1255 2111 1441 2185 querendum.
1461 2111 1498 2170 tlt
1512 2112 1624 2186 proinde
1636 2115 1743 2187 quoties
1757 2127 1849 2187 aptum
1862 2120 1980 2175 occurrit

323 2225 375 2266 uos
390 2209 705 2282 lacer-ctaqnnrocatos,
730 2205 986 2279 sanguineeleetos,
1000 2203 1127 2262 lrosduos
1177 2205 1206 2261 ln
1229 2203 1349 2262 Ecclesia
1371 2204 1522 2276 antitypum
1540 2204 1613 2277 quod
1640 2214 1705 2279 typo
1729 2208 1896 2265 eantuussim
1923 2223 1980 2265 ros·

325 2303 476 2376 baptismos
496 2302 531 2359 tlc
554 2300 667 2358 noluero
692 2298 915 2371 portunianus
935 2298 1036 2356 crnisiu
1057 2296 1125 2368 eria
1177 2295 1316 2368 pondeat,
1338 2311 1389 2353 nec
1412 2296 1446 2353 de
1470 2296 1524 2352 alio
1548 2300 1663 2369 questio
1680 2307 1732 2368 est,
1748 2316 1783 2356 au
1795 2299 1831 2356 ab
1845 2315 1881 2357 eo
1897 2301 1980 2373 tnagis

325 2396 371 2469 qni
385 2396 412 2452 in
426 2396 586 2468 sartgnincm
601 2395 660 2467 rjus
683 2392 838 2459 crederent,
862 2406 931 2464 aqna
945 2391 1124 2449 lavarentur:
1176 2386 1211 2442 ad
1225 2385 1315 2443 rirnrn
1329 2388 1517 2458 exprimatur,
1539 2389 1575 2445 ita
1589 2388 1706 2446 dubitari
1733 2407 1789 2448 non
1810 2393 1898 2462 possit
1915 2393 1977 2465 quio

323 2487 454 2561 quinqua
475 2487 621 2553 lusissent,
645 2485 726 2542 etiarn
750 2485 910 2556 sanguinent
924 2494 1060 2555 potarent.
1076 2483 1126 2541 llic
1177 2479 1204 2537 id
1226 2482 1313 2551 ipsunt
1340 2481 1411 2536 Deos
1429 2481 1573 2553 designare
1596 2483 1732 2552 uolucrit;
1756 2500 1808 2542 nec
1825 2494 1870 2542 est
1889 2486 1917 2542 in
1930 2486 1979 2543 lsac

323 2588 367 2638 est
380 2579 517 2653 baptimus
538 2581 584 2653 qni
600 2575 738 2635 laracrnrn
752 2587 780 2635 et
795 2592 848 2634 uon
864 2592 1005 2650 acceptum
1025 2592 1126 2650 repne-
1175 2574 1419 2646 argumentationis
1444 2576 1574 2632 ntetlrodo
1586 2577 1725 2649 quippiam
1743 2579 1816 2650 quod
1836 2578 1979 2636 lasciuien-

322 2680 424 2739 seutat,
436 2683 464 2729 ot
475 2671 610 2742 perditum
620 2670 708 2728 reddit
718 2670 851 2744 (lentuli,
863 2669 993 2744 relinqu,
1002 2689 1027 2729 c.
1039 2672 1096 2748 16),
1112 2692 1122 2727 r
1178 2668 1249 2725 tibus
1263 2668 1378 2740 ingeniis
1391 2668 1574 2739 permittetur.
1598 2668 1648 2725 Est
1661 2671 1689 2728 id
1702 2685 1768 2728 sane
1784 2681 1907 2729 retornus
1920 2689 1979 2729 orn·

322 2761 401 2832 Quod
422 2764 515 2835 itnqnc
530 2763 662 2820 Dnnriuns
681 2764 836 2835 pnssionenr
861 2778 938 2820 suam
961 2765 1123 2837 baptismum
1176 2759 1978 2835 nribusturribus‹rnntuoeonsenrnneurnqnteunqussunt

323 2853 407 2909 alium
419 2852 610 2927 appellarertq
621 2853 693 2925 qnod
704 2853 810 2910 cernerit
820 2854 847 2910 in
861 2870 930 2927 aqua
944 2864 970 2910 ct
981 2855 1123 2927 sanguine
1155 2888 1157 2892 ,
1176 2853 1204 2907 111
1213 2851 1432 2923 propheticorum
1440 2852 1624 2926 symbolorum
1635 2854 1859 2926 interpretatione
1867 2858 1974 2914 versati.

324 2944 469 3018 quodcum
481 2962 549 3018 aqna
561 2946 721 3019 sanguinem
734 2946 873 3004 incrocee
886 2946 997 3006 cnlncre
1008 2949 1123 3019 periossi
1174 2943 1204 3000 lt
1217 2958 1279 3000 cunt
1294 2944 1330 3000 ob
1343 2944 1437 3002 oculos
1450 2930 1584 3002 luberent
1596 2944 1664 3001 Nori
1680 2945 1849 3005 Testamenti
1863 2948 1978 3021 scripto

322 3035 418 3092 lateris
439 3036 561 3092 curiorrit
586 3053 594 3091 ι
616 3036 679 3093 lrirtc
702 3036 833 3109 colligunt
856 3037 964 3096 [lumini
987 3039 1124 3112 duplicem
1176 3035 1293 3092 resllori
1302 3035 1470 3094 Testamenti
1479 3037 1976 3114 uninersamoecouomiautantityparo

321 3127 590 3200 luissebaptismrtnt.
603 3127 658 3185 Nec
670 3129 876 3186 tamonllomiui
888 3131 1124 3205 proprlominisse
1175 3141 1245 3197 esse,
1261 3144 1322 3200 qum
1336 3126 1417 3185 luerit
1444 3129 1471 3184 iu
1493 3129 1619 3187 uniuersa
1643 3130 1737 3188 itidetn
1758 3130 1864 3192 leteris
1883 3132 1978 3192 Testa·

322 3221 382 3280 eS.
399 3220 507 3291 llattlt,
523 3237 572 3289 ss,
587 3220 635 3291 11,
650 3222 779 3296 colligere
794 3232 929 3295 poterent,
951 3224 977 3280 in
991 3238 1047 3294 quo
1060 3225 1158 3288 loeoc
1175 3220 1259 3277 menti
1273 3219 1424 3278 oeconomia
1443 3213 1602 3279 adumbrata
1627 3241 1635 3279 ε
1659 3223 1775 3294 proinde
1793 3240 1855 3283 cum
1870 3225 1934 3299 quid
1948 3227 1976 3283 in

322 3322 509 3388 apostotorum
535 3316 625 3386 passio
646 3314 773 3387 bapttnnt
788 3316 899 3373 nornine
913 3319 997 3374 etirtm
1018 3319 1121 3377 iutelli-
1174 3312 1976 3386 1111111111111111111111111111111111111111,1111111111111111·

321 3404 410 3479 genda
423 3396 476 3463 est.
489 3405 709 3479 llitlenutusergn
723 3417 833 3464 rectene
845 3409 989 3480 lrnrcatquc
1000 3409 1122 3483 legitime
1174 3405 1293 3472 tuittnnt,
1307 3405 1379 3478 11111111
1394 3405 1458 3463 111111
1473 3405 1614 3481 1111111111.
1630 3420 1658 3464 111
1673 3407 1977 3482 111111111111111111111·

323 3498 454 3571 procedat
461 3502 671 3571 argoruentntio.
1172 3497 1282 3556 dinibus
1293 3497 1495 3556 asimilitndiue
1503 3507 1644 3573 prototypa
1653 3499 1687 3555 arl
1701 3503 1851 3574 antitypant
1861 3502 1975 3560 solidam

358 3589 371 3653 1
384 3591 455 3649 9.-
467 3590 649 3648 liecoloudntn
663 3593 753 3663 itaque
765 3594 886 3666 inprimis
909 3595 980 3669 quod
994 3598 1121 3670 superius
1172 3601 1320 3663 agnoscent
1331 3601 1360 3648 et
1372 3591 1518 3663 legitimam
1531 3592 1803 3665 argunttutstiouent.
1819 3594 1854 3652 Et
1867 3594 1975 3668 quidem

320 3681 403 3740 etiam
429 3681 632 3740 obscrrnrintus
654 3683 665 3758 (
682 3684 693 3739 1
708 3686 739 3755 p,
760 3699 814 3742 nort
827 3686 898 3743 dicto
911 3687 1002 3746 modo¹
1016 3691 1120 3748 bortrini
1171 3699 1203 3742 ea
1216 3684 1377 3743 certitudine
1397 3693 1498 3743 certain
1512 3686 1695 3759 agnoscebant
1716 3686 1871 3760 hujusmodi
1893 3705 1974 3763 argu·

322 3773 419 3840 ttrutri,
442 3773 490 3830 sed
504 3784 531 3829 ct
553 3771 634 3840 incra,
649 3789 710 3846 quse
735 3775 845 3848 quidout
872 3778 975 3849 scriptis
990 3779 1121 3840 lrabentns
1172 3778 1363 3836 monterionem
1376 3793 1437 3849 qorc
1450 3794 1511 3835 curn
1525 3794 1557 3836 ea
1578 3763 1742 3837 obscuritate
1754 3783 1894 3841 conciliari
1910 3798 1976 3856 pos·

320 3865 404 3924 bodio
426 3865 570 3934 mandata,
592 3867 749 3940 proptrettoa
771 3882 849 3935 esso,
871 3879 900 3927 et
920 3870 947 3926 iu
961 3885 1119 3946 perpetuum
1171 3877 1214 3927 set
1226 3886 1286 3942 quar
1298 3869 1362 3944 styli
1374 3869 1513 3943 syutbolici
1525 3880 1554 3927 et
1566 3870 1716 3942 prophetici
1729 3873 1785 3929 loro
1791 3875 1909 3945 genuina
1921 3884 1974 3940 est,

320 3957 452 4017 Ecclesiae
477 3973 554 4016 nonus
578 3959 748 4032 conscripta,
763 3970 793 4018 nt
814 3963 926 4034 pmiude
944 3982 978 4023 ex
992 3966 1018 4023 id
1034 3981 1120 4040 gertus
1172 3963 1209 4020 its
1222 3963 1317 4020 saltem
1331 3971 1433 4019 certam
1453 3971 1483 4019 ot
1503 3963 1593 4020 lrrcnm
1610 3963 1718 4022 interiut
1734 3965 1871 4037 relinquat
1887 3965 1975 4024 libero

318 4049 399 4109 lectis
419 4066 472 4107 non
495 4051 530 4108 sit
554 4049 656 4118 insilis,
676 4061 706 4108 ut
730 4063 824 4124 potant
843 4055 939 4126 uulgo,
953 4057 1000 4115 scd
1015 4059 1119 4130 solida,
1171 4054 1310 4112 boninum
1332 4052 1454 4122 arbitrio,
1479 4055 1515 4111 ittt
1537 4063 1639 4112 certant
1655 4066 1683 4111 ut
1707 4056 1862 4115 lronrinibus
1883 4059 1975 4116 corda·

320 4145 529 4215 argumentatio.
552 4144 636 4202 llccte
660 4145 750 4219 ltaque
775 4144 913 4205 cortoludit
938 4150 1121 4211 Tertnlllaons
1172 4151 1207 4206 tis
1224 4148 1331 4207 abunde
1350 4147 1467 4221 suliteiat
1491 4147 1524 4204 ad
1539 4150 1645 4220 praxim
1660 4150 1807 4220 prudenter
1830 4150 1974 4209 instlttren·

320 4253 356 4296 ex
378 4252 413 4295 eo
435 4238 506 4311 qnod
535 4237 665 4296 borninus
689 4249 743 4296 tntu
769 4255 818 4312 per
842 4242 1018 4315 sanguinent,
1039 4263 1119 4319 qnam
1170 4240 1244 4298 darn.
1256 4241 1296 4298 lta
1312 4242 1527 4315 quibuscumque
1542 4241 1650 4299 Veteris
1663 4241 1831 4301 Testamenti
1843 4244 1910 4302 loeis
1923 4247 1975 4302 ali·

319 4343 371 4401 per
382 4344 479 4402 uqttam
494 4329 609 4396 uenerit,
623 4330 778 4388 cluistlanis
790 4333 873 4389 etiam
884 4343 938 4390 tntu
948 4338 1119 4408 sanguinem,
1171 4351 1250 4408 quam
1266 4335 1397 4392 babemus
1408 4349 1485 4408 equae
1502 4331 1681 4402 nterttirrnem,
1692 4352 1725 4392 ca
1747 4338 1838 4394 omnia
1853 4337 1974 4396 referunt

318 4436 401 4493 qnam
423 4436 542 4494 oqttarn,
564 4435 625 4479 csse
646 4421 806 4493 prolicunm.
822 4426 905 4483 ilceto
919 4427 1016 4486 iterum
1038 4446 1071 4487 es
1087 4448 1121 4489 eo
1171 4428 1252 4484 ctiam
1275 4427 1345 4484 sacri
1365 4428 1514 4500 scriptores
1539 4427 1573 4484 acl
1595 4426 1663 4485 Nori
1686 4428 1854 4487 l'csbrmcuti
1874 4447 1972 4505 aquarn

319 4510 393 4583 quod
406 4511 565 4583 sartguiucrn
579 4512 680 4583 puriter
693 4530 725 4570 ac
744 4531 841 4588 aqumn
864 4533 879 4575 c
897 4518 1008 4577 rulucrn
1028 4520 1121 4581 lateris
1173 4517 1369 4591 baptismalem,
1383 4530 1484 4593 etque
1502 4520 1558 4577 siut
1577 4520 1605 4577 111
1627 4524 1973 4593 1101110111111111011111111

318 4603 458 4671 omiserit,
489 4603 649 4671 satignincm
677 4620 785 4679 quoqne
815 4608 891 4666 illum
925 4626 960 4667 ex
985 4609 1972 4685 usnlore1)obsecrandaindecolligunt.ltectioillobtlteniensiuut

318 4691 459 4752 Ecclesiae.
485 4692 525 4757 Ne
546 4708 610 4751 noro
627 4694 710 4752 uinria
726 4697 896 4770 permittatur
909 4701 938 4757 ln
959 4700 1011 4760 ltoe
1031 4719 1119 4776 genus
1169 4701 1206 4761 de
1229 4700 1313 4759 muris
1332 4701 1427 4776 ligneis
1444 4705 1555 4763 oraculo
1575 4705 1784 4775 ilternistocles,
1798 4691 1861 4766 curn
1888 4710 1973 4768 Athr-

319 4785 598 4860 argumentatiunibus
618 4789 741 4859 licentia,
767 4793 926 4851 observetur
937 4795 1071 4868 imprimis
1085 4814 1119 4858 ea
1169 4795 1304 4853 niensium
1322 4796 1518 4855 causaeditnrn
1529 4797 1720 4871 perpenderet,
1736 4800 1800 4858 inde
1818 4801 1973 4873 prudentis·

319 4893 381 4951 nure
414 4877 458 4935 ltio
481 4877 631 4952 protulerat
653 4879 836 4940 Tertullianus
863 4883 968 4945 llorniui
993 4892 1117 4964 exempla
1168 4889 1237 4947 sime
1248 4889 1431 4963 oolligcbutex
1443 4891 1647 4950 nmenienstnrn
1656 4893 1768 4965 proinde
1781 4895 1974 4956 moribusesse

311 4962 375 5027 noo
388 4969 602 5029 estmordiuaria
621 4971 722 5044 luisse,
737 4974 787 5032 sed
801 4974 948 5035 ordinaria.
961 4979 992 5037 ln
1005 4983 1117 5042 ordina·
1168 4981 1382 5056 intelligendum·
1398 4982 1433 5040 lit
1443 4998 1505 5042 cunt
1517 4986 1625 5041 oracula
1640 4983 1743 5055 bosina,
1758 4986 1880 5059 llolpbicl
1891 4989 1972 5048 nitari-

318 5062 369 5119 riis
383 5060 620 5121 lucileadmittcot
642 5062 790 5125 adrersarli
806 5067 888 5125 riturn
905 5069 1119 5133 bominiesem·
1168 5090 1229 5132 rum
1253 5075 1405 5149 Apollinis,
1435 5077 1536 5150 pariter
1559 5092 1592 5136 ac
1617 5077 1774 5138 ludnorun
1800 5081 1970 5155 propbetior,

318 5155 393 5226 ll¹¹¹¹¹¹
416 5154 719 5214 11111111111111111111111·
743 5157 823 5229 bonu
840 5171 930 5220 auteur
948 5178 996 5236 per
1007 5166 1118 5239 sangui·
1169 5184 1223 5226 non
1236 5180 1329 5228 essent
1341 5168 1376 5227 ad
1389 5170 1519 5238 litteram,
1533 5170 1582 5228 sed
1600 5171 1763 5246 symbolice,
1781 5156 1872 5246 potios
1887 5191 1972 5247 expo·

320 5263 385 5306 netu
408 5250 511 5322 pariter
532 5265 565 5309 ac
588 5265 685 5325 aquam
713 5252 829 5324 uenerit,
855 5256 881 5313 id
907 5272 990 5316 neruo
1013 5257 1120 5321 dubitet
1168 5264 1274 5334 nenda;
1295 5264 1323 5322 id
1344 5264 1614 5339 porroquaereuduur
1634 5267 1722 5337 duxlt,
1735 5267 1832 5338 ecquid
1855 5269 1972 5342 usetin

317 5342 384 5416 qnln
404 5342 457 5400 tale
482 5341 518 5400 sit
538 5342 566 5401 ln
589 5359 725 5416 quocum
747 5347 846 5406 imitari
866 5351 1021 5423 possimus,
1044 5356 1118 5429 quod
1166 5353 1222 5427 latn
1241 5357 1387 5414 corratitnta
1401 5356 1607 5416 Atlrcoiensiunt
1629 5356 1698 5431 liep.
1721 5358 1870 5431 quodcum
1885 5361 1971 5418 moris

317 5436 407 5509 ipsum
428 5451 479 5495 nos
499 5436 631 5495 ordinarit
644 5453 710 5497 roco
731 5439 925 5516 intelliginmsr
948 5445 1021 5519 quod
1033 5464 1117 5521 porro
1168 5447 1263 5520 ligneis
1285 5450 1385 5523 aliquid
1409 5449 1522 5509 baberet
1538 5449 1650 5527 alllne(
1674 5452 1811 5511 neceniur
1827 5455 1854 5510 in
1876 5469 1970 5511 muros

316 5531 400 5590 etlam
416 5546 477 5590 cunt
491 5531 621 5606 sangnine
629 5534 852 5607 aquaeunlnere
863 5536 958 5598 lateris
968 5543 1115 5614 emanarit,
1167 5540 1274 5599 nouiter
1294 5543 1473 5602 exstrnondns
1489 5543 1578 5618 ipsunt
1602 5544 1732 5604 innuebat
1757 5547 1917 5623 1111111111)
1941 5561 1970 5609 et

353 5667 395 5745 qq)
419 5667 449 5726 1„
472 5666 586 5727 prm·
609 5667 653 5726 „up
675 5669 769 5729 qququ,
790 5688 798 5727 ε
820 5670 862 5729 ὼ
878 5672 993 5733 ΗΜ,
1016 5678 1116 5752 Μ,
1166 5650 1232 5693 nero
1257 5634 1324 5692 niltil
1349 5649 1408 5696 eret
1430 5636 1502 5711 quod
1529 5638 1557 5695 in
1582 5637 1723 5711 orueqrno
1741 5640 1970 5703 riribnsllorcsot

317 5740 1019 5827 pingereqqnarnneedecqrrpmeqqujunffl
1034 5749 1113 5810 popu.
1165 5729 1388 5802 commerciisque
1409 5728 1574 5804 maritimis,
1603 5732 1638 5790 de
1668 5745 1723 5806 quo
1753 5734 1825 5791 muri
1855 5734 1894 5793 illi
1918 5752 1969 5808 trp-

315 5809 391 5870 mlur.
1163 5821 1216 5881 tins
1237 5831 1366 5895 possent,
1388 5838 1468 5899 quant
1494 5824 1529 5884 de
1554 5822 1668 5883 naribus
1688 5823 1812 5900 intelligi.
1829 5825 1884 5887 ileo
1903 5841 1968 5886 rero
