4100 6309
96 396 151 454 seo
716 391 748 449 to
769 390 1061 463 sannionum.
1083 396 1104 453 t.
1695 399 1750 455 cro

95 509 169 568 trina
181 524 231 568 sua
244 516 356 579 repente
376 506 542 579 complerit;
556 509 603 581 qni
616 508 724 564 ratibus
735 516 764 566 et
773 506 898 579 barnspi·
912 510 938 570 A
951 510 1097 580 antinoitas
1117 520 1158 567 tot
1180 521 1370 584 tantorumque
1383 527 1508 570 erronem
1530 525 1559 571 et
1577 514 1729 571 inbolaroor
1736 556 1750 587 ,

95 604 175 661 cibos
185 603 323 659 silentium
342 600 484 673 imposuit,
498 617 530 659 ac
544 616 684 674 roagorum
700 601 808 675 potitos
820 614 897 658 com·
948 604 1047 677 noibns
1058 604 1216 664 eorumdem
1229 607 1373 680 perutiliurn
1389 607 1452 663 libri
1464 618 1580 677 smtettt,
1597 619 1683 666 rrtatcr
1695 624 1751 665 nort

95 699 196 758 minuit
206 696 401 771 ammoniam.
949 696 1050 754 inerit?
1062 697 1131 769 Quid
1147 714 1225 761 reru.
1238 699 1310 772 qrrud
1326 698 1429 756 tatsius
1449 699 1531 773 longe
1550 698 1655 757 lucilius
1668 700 1695 758 iti
1709 715 1753 758 rc-

132 795 227 870 Neqne
245 794 288 851 nis
307 795 409 868 oppon
424 805 663 866 posnaniensem
676 797 712 851 eb
725 794 896 853 ethnicorum
949 790 1117 847 eettticriltns
1130 792 1239 865 scriptis
1252 810 1334 866 qnam
1350 793 1377 849 in
1392 792 1599 865 antiquissimis,
1611 805 1701 867 pelusi
1715 798 1752 854 als

95 887 152 945 diis
161 889 275 945 iniremus
286 888 478 946 noorrullorom
491 888 631 946 bominum
642 887 897 946 valetudinesllam
948 884 1075 942 urrinibns
1088 885 1277 958 deprehendi?

96 978 150 1038 boe
174 980 283 1038 interim
310 981 396 1053 gratis
411 978 487 1045 dato,
500 990 606 1039 certum
619 991 681 1038 crat
704 996 719 1036 a
740 982 816 1039 nollo
836 996 897 1038 rim·
983 978 1120 1036 lnsurboot
1135 980 1236 1037 etltoici
1253 981 1338 1037 libros
1356 981 1566 1038 christianorum
1580 981 1616 1038 ab
1634 982 1752 1039 indoctis

95 1093 177 1151 quam
189 1076 328 1150 gentilium
342 1077 405 1145 doc,
420 1078 500 1133 sicuti
519 1092 535 1132 a
550 1077 671 1142 Cltrlstn.
684 1077 765 1150 apris
780 1077 897 1133 immini—
948 1069 1105 1127 bominibus
1118 1070 1178 1128 rudi
1190 1071 1369 1146 irnpolitoqne
1382 1088 1510 1130 sermone
1519 1085 1655 1136 excretus.
1670 1074 1754 1131 solte-

96 1169 159 1238 bos,
175 1169 233 1226 sota
250 1168 370 1226 adnibito
396 1183 478 1225 manu
494 1178 541 1226 not
553 1184 631 1236 uoce,
648 1169 781 1226 reddituro
795 1168 897 1225 snnta-
948 1163 1041 1220 cissitis
1053 1172 1080 1220 ct
1093 1164 1269 1222 barbarissois
1282 1166 1383 1237 ultique
1395 1165 1465 1223 iude
1476 1165 1657 1237 coinquinari.
1673 1165 1752 1235 Esto,

95 1271 163 1320 tero.
178 1262 270 1320 Gratis
279 1262 361 1319 etiam
373 1261 509 1319 Arnobius
521 1261 714 1320 eoncmttttoit
727 1262 898 1333 potuissent
948 1255 1096 1326 respondet
1110 1257 1256 1313 Amedine.
1271 1257 1356 1329 linior
1371 1258 1493 1330 prolecto
1508 1260 1548 1315 cis
1563 1259 1631 1314 iliius
1648 1257 1753 1317 idcirco

95 1354 276 1425 deucalionis
289 1370 373 1411 unum
386 1364 430 1410 aut
444 1354 560 1411 alterum
577 1369 678 1425 agrurn
692 1352 897 1424 buoriocmnui·
948 1350 1075 1407 habenda
1094 1359 1153 1414 eat:
1176 1351 1240 1424 quia
1263 1367 1278 1407 ο
1301 1362 1394 1410 metite
1416 1352 1552 1421 simplici,
1576 1363 1603 1407 ct
1624 1352 1753 1411 lenocinii

95 1445 209 1503 bucrtan
223 1446 428 1503 medicamentis
442 1446 588 1503 monuerit.
606 1447 642 1502 et
665 1445 770 1512 multa,
786 1446 895 1517 innuit,
947 1442 1057 1514 innon,
1075 1443 1242 1514 prodinunt.
1256 1443 1398 1501 Scrooinis
1411 1445 1483 1501 eninr
1498 1445 1630 1516 degentis
1643 1453 1671 1499 ct
1686 1444 1754 1515 pnti-

95 1547 159 1594 suot
183 1536 266 1594 roi¹lia
285 1536 438 1604 bitorinum,
452 1538 497 1609 nni
510 1539 563 1594 etsi
577 1545 606 1594 io
627 1538 734 1610 templis
746 1538 896 1608 sepissime
948 1534 1024 1591 tionis
1038 1536 1152 1600 [orooro.
1170 1551 1313 1607 pomponi,
1328 1546 1410 1608 οιοοο
1423 1547 1582 1592 oroorncota
1596 1536 1656 1590 loro
1668 1536 1754 1592 relin-

94 1631 225 1701 prestrati
240 1628 426 1700 AEsculspinro
439 1630 563 1702 aliosque
576 1631 645 1687 deris
658 1630 759 1701 sopito
772 1630 897 1702 repende
946 1629 1062 1701 suendo
1075 1630 1174 1686 veritas
1187 1644 1242 1685 ouri
1254 1639 1385 1686 sectatur.
1397 1628 1500 1687 lleiude
1513 1628 1573 1685 brec
1583 1629 1640 1700 ipss
1651 1628 1754 1684 tentas

94 1720 224 1792 precibus
235 1731 264 1777 es
275 1721 347 1779 roto
366 1721 554 1792 fatigareriou
576 1721 680 1778 nullum
693 1731 784 1778 lunico
799 1736 834 1778 ne
847 1721 898 1777 mi·
948 1720 1019 1778 inter
1033 1720 1169 1778 sermonis
1179 1721 1254 1787 vitia.
1268 1722 1340 1778 sicut
1355 1721 1443 1778 burim
1455 1720 1527 1777 inter
1540 1734 1640 1792 uepres
1653 1728 1679 1775 et
1694 1721 1753 1790 spi·

93 1813 199 1869 uimine
219 1812 328 1884 poidero
345 1813 499 1870 invenerint
515 1814 716 1882 tenementum,
733 1816 798 1887 quio
812 1814 898 1873 imme
911 1830 937 1893 B
950 1826 999 1867 nas
1012 1810 1136 1879 iructos,
1155 1812 1390 1884 prodest'semper
1408 1810 1522 1868 bomiri.
1543 1809 1585 1867 nd
1598 1810 1657 1867 liare
1670 1824 1752 1876 reru,

93 1905 174 1978 peius
188 1904 270 1961 etiarn
285 1914 379 1977 postea
394 1920 426 1962 se
438 1904 592 1961 inbuerint.
946 1921 1008 1965 com
1020 1908 1057 1965 de
1069 1905 1153 1967 rebus
1173 1906 1208 1964 ab
1222 1906 1405 1964 ostentatione
1417 1904 1552 1962 submotis
1565 1902 1671 1976 opion.
1686 1903 1753 1976 quid

129 1995 224 2068 Neque
231 1997 331 2068 patitur
344 1995 398 2053 sibi
410 1995 446 2053 ab
459 1996 514 2054 aliu
525 1996 619 2067 coron
633 1996 716 2068 objici
732 1997 798 2055 ierri
817 1999 898 2059 adiis
947 2000 1055 2072 rupea.
1070 2013 1124 2055 non
1138 1998 1276 2071 quomrrdo
1292 2000 1413 2064 dicatur,
1428 1997 1547 2069 specturi
1567 1995 1658 2053 debet.
1674 1996 1751 2067 Quo·

93 2104 174 2159 opero
191 2102 246 2143 rico
261 2086 340 2145 stalis
352 2086 474 2159 quidem,
495 2087 543 2145 sed
563 2088 643 2145 bortis
657 2089 763 2161 piisque
782 2090 898 2148 leomini-
948 2092 1070 2149 osobrem
1093 2090 1216 2149 trunnolli
1233 2090 1373 2163 supientiae
1387 2088 1491 2154 dediti,
1513 2088 1619 2145 unctui
1640 2102 1707 2159 pore
1720 2096 1750 2145 ct

95 2176 299 2236 inscisione
318 2179 454 2251 siquidem
477 2179 557 2236 malis
569 2180 695 2237 ottonibus
712 2181 854 2254 mortaliter
864 2198 898 2240 ac
949 2195 1047 2243 urtrnte
1060 2185 1132 2258 lusui
1145 2185 1300 2258 potueriot3
1313 2200 1422 2242 emnem
1438 2193 1528 2240 tamen
1544 2182 1678 2239 tcrnroois
1691 2181 1752 2239 cul·

93 2270 175 2327 bouis
199 2271 343 2328 succurrit.
367 2269 470 2328 Deinde
498 2287 565 2328 vcro
586 2272 610 2328 si
627 2272 665 2330 dii
690 2273 768 2330 bonis
792 2283 896 2333 tacitura
950 2288 1007 2335 tunt
1031 2278 1194 2349 reiecerunt.
1210 2278 1331 2349 motinus
1351 2275 1443 2334 nullos
1456 2290 1548 2333 sermo
1568 2285 1667 2333 natura
1685 2289 1752 2342 sus,

94 2366 195 2423 susino
206 2365 326 2435 loonio,
340 2366 368 2423 id
381 2380 436 2423 noo
448 2365 548 2423 dicium
560 2368 667 2435 sictriti,
681 2368 730 2425 sed
750 2368 829 2426 elicui
843 2369 898 2427 lur-
948 2371 988 2428 nti
1003 2372 1100 2441 probat
1115 2371 1268 2440 eroobius,
1286 2371 1335 2429 sed
1354 2369 1495 2428 bumiouot
1514 2368 1656 2426 duntaxat
1669 2367 1754 2426 bene-

95 2459 164 2515 tuito
177 2458 253 2515 esset
265 2462 319 2515 erit
333 2459 427 2530 mucul
435 2457 518 2515 dubio
527 2458 712 2517 tribuendum.
948 2465 1048 2538 placito
1062 2476 1105 2521 est
1120 2464 1243 2523 titiuttttt.

131 2549 202 2606 iera
223 2559 314 2607 autem
331 2565 394 2608 esse
411 2550 512 2608 Christi
533 2552 665 2609 miracula
685 2562 781 2610 cucur
802 2562 896 2612 noster
982 2557 1047 2615 llec
1059 2556 1251 2630 porroetboict
1260 2570 1498 2629 cumoepareoun
1509 2553 1752 2627 ponmt,actots·

94 2643 184 2701 adbuc
205 2645 325 2702 ostendit
349 2660 384 2702 ex
403 2643 450 2700 illa
471 2660 584 2718 prorsus
607 2644 723 2703 mirabili
746 2655 894 2719 potestate,
945 2653 1029 2710 tiaois
1041 2651 1215 2725 postulabant
1233 2665 1283 2708 cuc
1295 2648 1434 2716 cbristus.
1455 2649 1479 2706 si
1494 2649 1617 2707 deussit
1653 2647 1751 2705 liuma-

94 2752 179 2809 (lnffl
191 2736 266 2795 dedit
279 2735 478 2801 eliminium
492 2736 581 2809 111θῦῑῦ
599 2737 764 2805 inminibus·
779 2740 895 2811 disctin-
946 2762 1010 2804 ttent
1025 2745 1141 2803 immuto
1155 2743 1254 2810 induit,
1267 2752 1295 2801 et
1314 2757 1391 2798 mure
1405 2743 1585 2812 irtteremptus
1598 2749 1641 2798 est
1655 2738 1751 2796 bures-

94 2830 182 2899 ritus,
195 2829 347 2901 ορὶῆοιοοο,
359 2830 502 2888 rusticanis
517 2831 646 2902 quelibet
662 2831 723 2889 solu
742 2832 828 2904 ipsios
845 2848 897 2892 no·
948 2837 1005 2896 nol
1021 2836 1069 2894 llis
1084 2837 1221 2894 noconius
1240 2835 1319 2892 iscile
1337 2833 1480 2900 satisiicit.
1495 2831 1748 2907 aitqtrerrlstuns,

93 2926 168 2982 tsine
179 2925 299 2996 prodigia
309 2922 417 2982 mendi.
432 2923 491 2983 lirin
506 2926 579 2982 enim
591 2924 707 2996 iupiter,
720 2941 770 2985 nec
780 2926 897 2985 zrrroas-
947 2930 1011 3003 quia
1025 2930 1054 2987 in
1066 2927 1226 3003 primiporin
1242 2937 1271 2985 ct
1287 2926 1448 2998 incorporea
1469 2941 1518 2982 soa
1540 2931 1636 2981 ristona
1648 2939 1664 2979 a
1677 2921 1754 2980 nella

51 3068 53 3071 .
93 3025 152 3075 nes
176 3018 333 3085 Armenios,
345 3017 515 3092 Pamphilus.
533 3018 705 3091 spottontus,
725 3018 895 3092 mironem,
948 3037 1077 3096 uinquam
1091 3021 1199 3079 boetius
1222 3020 1324 3083 rideri,
1340 3034 1391 3077 nee
1405 3019 1473 3076 muri
1489 3017 1589 3090 potuit,
1602 3006 1749 3075 numanam

92 3111 247 3177 Moenus,
259 3109 352 3175 icius.
363 3109 497 3178 lolianus,
510 3109 638 3179 Bennios,
649 3121 695 3164 aot
706 3109 897 3183 quilibetaliue
947 3117 1050 3176 seneen
1062 3118 1247 3190 adsumpsisse
1260 3116 1393 3183 lectitant.
1409 3132 1462 3189 noa
1478 3131 1509 3173 se
1521 3115 1562 3172 eis
1573 3115 1743 3186 conspicien-

93 3202 197 3276 aliquid
212 3201 255 3258 his
269 3200 401 3275 prodigiis
420 3201 510 3258 siniiid
529 3200 632 3270 edidit,
646 3201 694 3258 sed
710 3216 745 3258 lle
759 3202 895 3274 pusiniam
946 3209 1012 3268 (inm
1026 3210 1122 3278 darei,
1136 3226 1199 3268 cum
1222 3211 1264 3266 eis
1285 3219 1456 3278 venamini,
1479 3224 1512 3265 ae
1533 3205 1642 3265 socrdem
1658 3218 1752 3280 pomi

92 3295 203 3370 quidem
219 3295 287 3366 part,
299 3311 332 3352 ⁸0
346 3293 471 3352 0111181115
484 3295 597 3367 dimid&
609 3295 744 3368 diminui·
756 3296 839 3354 uodo
851 3312 897 3356 sa·
947 3302 1228 3361 oecumenicum
1241 3317 1308 3361 reru
1318 3302 1463 3360 lturosnaro
1474 3302 1564 3373 petius
1573 3315 1655 3373 qoam
1664 3301 1748 3357 silem

92 3387 179 3445 navit.
197 3385 233 3443 lit
251 3401 319 3443 sanc
331 3396 441 3459 quantae
454 3384 647 3459 magnitudinis
664 3397 692 3443 et
705 3389 848 3460 potestatis
860 3388 897 3446 slt
947 3408 1072 3456 menum
1095 3398 1249 3470 emporii,
1270 3397 1388 3456 ninius
1408 3394 1546 3453 emnbios
1567 3382 1668 3451 tutent·
1688 3406 1751 3450 esse

93 3480 152 3554 ipse
163 3480 301 3546 cbristus,
317 3479 444 3537 ‘oblinis
457 3488 486 3538 οἱ
498 3480 534 3536 ab
548 3479 640 3536 intima
654 3480 747 3539 ἡδίω
759 3480 842 3549 Dens.
854 3491 895 3537 ¹¹·
922 3488 927 3495 '
946 3505 1055 3557 mosas,
1069 3504 1138 3562 uuas
1150 3488 1285 3546 obstinata
1299 3489 1441 3563 gentilium
1453 3484 1629 3544 incredulitas
1642 3499 1676 3543 ae
1688 3499 1751 3558 per·

91 3575 175 3632 metti
189 3573 346 3631 bominibus
358 3572 424 3630 olim
437 3573 600 3646 inocciduis,
616 3575 660 3633 sei
671 3575 747 3638 sotis.
761 3591 822 3648 qua
834 3576 895 3649 ipse
946 3584 1047 3642 nescia
1062 3583 1191 3658 explicari
1205 3598 1261 3640 nuo
1276 3583 1394 3641 sitiebat.

91 3664 311 3725 ”nemesim
320 3658 894 3739 mimiticonsecnsitnouedcnoos·
983 3679 1018 3734 nt
1033 3676 1061 3732 bi
1076 3689 1184 3733 rursum
1207 3674 1372 3758 objiciebant
1394 3672 1553 3732 incredibile
1575 3687 1702 3744 prorsus,
1716 3687 1750 3731 ac

92 3770 193 3819 lnlw
204 3766 259 3817 0⁸⁸·
945 3768 1094 3827 cimmeriis
1109 3768 1229 3827 nnebris
1242 3768 1386 3827 obscurius
1404 3782 1485 3838 este,
1505 3765 1644 3825 cunctum
1663 3767 1749 3825 ileum

127 3854 223 3927 lienus
233 3853 360 3912 audiendi
375 3863 454 3912 erant
471 3857 603 3928 gentiles,
623 3857 669 3929 uui
682 3857 743 3916 buc
753 3859 819 3917 laisa
831 3875 893 3919 esse
945 3872 974 3922 et
987 3863 1126 3922 bominem
1139 3861 1259 3921 bumana
1275 3864 1380 3920 uotum
1394 3872 1491 3920 natura
1503 3860 1751 3935 risumpatlbulu·

90 3949 258 4008 intolerabili
291 3964 404 4023 proram
433 3950 546 4008 audacia
578 3952 763 4012 clamitabant.
799 3953 895 4013 Testes
945 3972 1000 4031 noe
1012 3956 1131 4014 adilauro
1150 3955 1233 4015 sitam
1246 3955 1378 4014 doluisse.
1392 3955 1446 4013 Sed
1467 3953 1555 4013 insilis
1571 3964 1628 4021 est.
1645 3955 1750 4012 eiter-

89 4044 233 4102 estiniseco
247 4042 470 4116 locupletissimi,
485 4060 537 4103 uec
552 4045 634 4104 lacile
645 4047 767 4117 creduli,
783 4063 815 4105 ea
827 4064 893 4121 pos·
944 4048 1054 4115 nonus.
1070 4049 1129 4107 bac
1142 4041 1308 4121 mecentio.
1318 4048 1387 4105 iiam
1399 4047 1424 4106 si
1434 4047 1549 4122 Sibylla,
1564 4046 1655 4114 ilicis.
1667 4046 1750 4106 liele-

89 4139 158 4196 teris
174 4135 892 4212 tradidernot‚nrucoisiipsaluceloisscotclariora,
946 4156 1015 4205 uus.
1038 4140 1167 4210 metior,
1196 4140 1298 4214 alitque
1326 4137 1487 4197 coronidem
1509 4137 1650 4210 gentilium
1674 4148 1751 4198 rates

88 4232 128 4290 llli
139 4241 217 4289 certe
228 4247 259 4289 ea
270 4231 441 4305 medicando
454 4234 482 4290 io
494 4248 640 4293 commune
650 4233 790 4292 boninum
800 4236 892 4294 οοῑοοι
946 4232 1029 4305 imple
1037 4230 1122 4290 eccisi
1132 4231 1258 4299 iuissmt,
1270 4231 1401 4305 numquid
1412 4230 1451 4295 bi,
1461 4231 1489 4288 in
1499 4230 1598 4304 qulbtn
1606 4230 1674 4290 deus
1683 4246 1749 4290 sous

87 4325 241 4383 retunso
253 4326 339 4398 pratis
350 4328 500 4386 irrcurrcre.
514 4328 548 4385 Et
559 4342 627 4386 sane
643 4329 667 4387 ai
679 4327 746 4387 laisa
764 4329 818 4387 sint
834 4329 893 4388 bec
943 4327 1051 4385 locutus
1063 4341 1127 4386 etse
1138 4325 1353 4395 arbitrabantur,
1368 4340 1418 4383 sua
1432 4336 1543 4400 propter
1554 4325 1660 4383 secieto
1671 4326 1747 4384 ecci·

89 4416 235 4485 uincula,
247 4433 317 4488 oua,
332 4434 441 4492 poem,
456 4419 529 4477 iatali
542 4419 748 4494 desperatione,
763 4432 893 4495 seneque
943 4433 990 4478 sos
999 4421 1140 4478 dicereotl
1150 4417 1286 4477 &terum
1295 4415 1492 4486 norsclrristi
1501 4417 1589 4491 persis
1600 4417 1747 4487 sensnm,

88 4510 191 4583 eapitis
204 4510 341 4582 periculo,
358 4510 485 4570 allerisii
505 4512 647 4588 discipulis
661 4514 797 4587 publicata
810 4524 892 4585 sunt,
944 4512 980 4569 sd
991 4513 1089 4585 nupti
1107 4512 1220 4570 inerint
1240 4512 1308 4584 lais.
1321 4528 1375 4569 ece
1388 4511 1491 4584 ipsias:
1505 4510 1673 4585 camnis,
1695 4525 1747 4568 nes

85 4602 281 4662 accbnstiatts
299 4604 395 4678 religio
410 4604 444 4661 ila
457 4606 577 4664 stabilita
592 4621 627 4665 ac
644 4605 815 4675 minuata,
828 4608 892 4667 bre·
944 4606 1078 4682 ementis.
1090 4603 1173 4663 edun
1185 4617 1252 4661 reru
1268 4619 1331 4661 com
1348 4603 1480 4660 altissima
1492 4611 1603 4675 propter
1616 4602 1747 4677 mysmrla

86 4697 204 4755 riasinm
217 4707 338 4769 ternpore
352 4699 380 4756 in
393 4708 450 4757 totu
462 4707 597 4757 mserum
611 4699 680 4757 orbe
690 4710 818 4773 susoepta
829 4701 892 4758 eati
902 4667 932 4731 D
944 4709 1043 4772 sponte
1061 4711 1111 4755 sua
1131 4708 1288 4766 mortuam
1303 4695 1522 4769 qundoquidem
1542 4695 1597 4764 nn,
1610 4713 1627 4753 a
1638 4710 1694 4769 qun
1706 4703 1748 4753 tet

123 4790 224 4847 Nullus
242 4804 309 4848 reru
328 4789 382 4848 uisi
400 4789 594 4855 absurdissime
608 4790 700 4850 dicere
711 4808 829 4866 unquam
842 4807 892 4866 pn-
943 4790 1013 4849 laeta
1033 4790 1142 4848 iueraot
1163 4786 1310 4857 mucela.
1333 4787 1425 4847 nullus
1446 4787 1490 4847 rei
1510 4786 1649 4845 uictimam
1670 4785 1744 4858 rint,

85 4886 142 4941 tals
162 4881 224 4938 lune
236 4880 333 4938 eaden
352 4881 482 4939 minnota
499 4897 516 4940 a
539 4882 720 4955 scriptoribus
733 4885 835 4942 noetris
845 4893 894 4942 aot
943 4885 1031 4942 multu
1041 4884 1132 4941 minos
1143 4883 1277 4941 violentas
1289 4896 1387 4940 manua
1397 4880 1506 4940 adicere
1514 4895 1632 4955 οοοιοοιο
1645 4880 1744 4954 puscit.

85 4978 191 5048 scripu
220 4973 402 5043 mendaciter,
427 4983 476 5031 aas
501 4974 614 5034 nimione
646 4970 801 5048 muscata.
830 4976 891 5035 lieu
942 4977 1069 5037 cbrntos
1083 4978 1174 5050 inque
1186 4977 1222 5033 ad
1235 4974 1374 5033 sanamus
1387 4973 1607 5046 emdiusdcsnm
1620 4974 1746 5032 loomim

85 5070 162 5127 esini
182 5066 274 5124 ouran
288 5065 388 5125 litteris
400 5074 429 5125 et
447 5068 588 5125 neminie
606 5068 813 5137 mandaverant,
828 5084 892 5142 qua
943 5077 1018 5128 tanta
1030 5069 1152 5138 lenitate,
1167 5079 1269 5144 quota
1288 5068 1413 5128 libertate
1426 5082 1522 5141 mesas
1534 5076 1579 5125 est
1591 5082 1623 5125 se
1641 5067 1677 5124 ab
1690 5068 1744 5125 irn-

84 5162 215 5222 etbuima
233 5162 262 5218 in
276 5160 406 5234 maiorem
420 5160 643 5229 admirationem.
656 5161 700 5221 rel
717 5163 891 5221 incredulita-
943 5163 996 5236 piis
1007 5161 1105 5221 roscidi.

86 5262 144 5312 nm
157 5250 294 5310 adducas
305 5261 439 5324 poteram
449 5251 479 5311 Si
488 5268 551 5327 qne
563 5266 630 5311 reru
640 5253 740 5325 scripta
749 5264 889 5327 mnnita,
978 5256 1148 5331 Quapropter
1160 5256 1296 5316 broubius
1307 5255 1408 5315 acnter
1419 5254 1532 5328 corripit
1543 5253 1682 5322 etbulcus.
1696 5253 1745 5327 poi

87 5356 139 5402 aas
150 5343 305 5403 admenta
314 5353 469 5414 ooenrnnt.
480 5343 535 5403 ltoe
546 5344 682 5404 Δοοοοίοι
693 5346 891 5405 noroenses
941 5350 1053 5408 umetsl
1064 5349 1187 5426 symonis
1206 5351 1281 5407 omni
1301 5348 1450 5422 inpietatis
1466 5362 1499 5406 ac
1518 5344 1745 5418 redebuciones

85 5437 221 5498 *stibii
237 5438 407 5506 (lemme
431 5438 479 5512 nul
501 5437 545 5496 itia
563 5438 801 5511 demutationibus
824 5455 891 5500 rere
941 5446 1134 5506 contaminatis
1147 5444 1254 5504 dirlous
1268 5444 1408 5504 deterrent
1421 5444 1556 5513 bumres,
1570 5450 1600 5500 et
1612 5440 1744 5499 libroruin

85 5547 228 5610 setim
242 5533 372 5591 'dieite‘
386 5534 524 5593 infirmit
535 5537 689 5595 wilim-
702 5537 815 5597 Alnus
828 5554 890 5612 otte
941 5542 1114 5602 satiricorum
1137 5549 1264 5599 suenrus
1285 5539 1400 5597 somniis
1421 5536 1544 5597 laudibus
1563 5534 1742 5604 exrutnmt,

85 5628 229 5687 consuto
248 5627 325 5686 libris
337 5627 373 5686 de
388 5624 498 5686 cbristo
513 5629 615 5701 scripta
634 5629 728 5699 luere,
751 5641 805 5688 tasi
824 5648 891 5690 tera
942 5636 1130 5708 donarenteus
1152 5636 1267 5701 statuis3
1283 5634 1371 5692 solum
1390 5630 1566 5688 nibilominus
1586 5627 1743 5697 eunoun,

85 5732 162 5785 suoi,
177 5736 258 5793 qoam
276 5719 343 5778 ialsa
357 5736 419 5794 noa
430 5722 547 5795 geodles
559 5721 595 5779 de
605 5720 659 5780 diis
672 5723 729 5782 suis
743 5724 889 5784 tradidere.
941 5744 1034 5788 norm
1052 5730 1231 5785 maximarum
1242 5742 1284 5786 vac
1302 5726 1419 5783 maxime
1438 5721 1597 5781 nicenum
1620 5718 1745 5777 orontium

120 5812 179 5870 Sed
194 5820 299 5880 noun,
313 5811 446 5886 mebant
459 5812 622 5886 iill‚a‹sipta
633 5813 890 5891 antiquissumos
942 5820 1113 5894 iniquissimo
1132 5825 1215 5891 atnoe
1233 5815 1396 5890 implacabili
1415 5813 1480 5872 udin
1499 5812 1742 5887 persequebantur.

83 5908 188 5967 irhlren
203 5909 310 5967 resina
332 5918 406 5967 sene
426 5907 511 5981 (ioan
533 5923 613 5980 reru,
627 5909 667 5970 ait
687 5908 836 5983 nntubim,
856 5927 890 5974 ea
941 5912 1012 5985 nne
1024 5913 1099 5971 onim
1113 5911 1232 5984 nonnius
1245 5921 1274 5969 et
1285 5908 1433 5979 οτοοοΙὶοο,
1445 5920 1528 5982 quam
1541 5904 1671 5966 rinconi
1683 5917 1745 5964 out·
